<?xml version="1.0" encoding="UTF-8"?><collection xmlns="http://www.loc.gov/MARC21/slim"><record><leader>00358nam--2200121-i-4500</leader><controlfield tag="001">000041528</controlfield><controlfield tag="002">20161230</controlfield><controlfield tag="005">20161230201043</controlfield><controlfield tag="008">060222s1000------------r-----000-0-eng-d</controlfield><datafield ind1=" " ind2=" " tag="100"><subfield code="a">Siaud Jackeline</subfield></datafield><datafield ind1=" " ind2=" " tag="245"><subfield code="a">Etude a la chambre de wilson des modes de desintegrations du meson lurd ko2. these</subfield></datafield><datafield ind1=" " ind2=" " tag="260"><subfield code="a">Paris, Faculte De Sciences, 1962. 125 P</subfield></datafield><datafield ind1=" " ind2=" " tag="852"><subfield code="a">19585</subfield></datafield></record></collection>